
@inproceedings{tong_qr_2014,
	location = {Xiamen, China},
	title = {{QR} Code Detection Based on Local Features},
	isbn = {978-1-4503-2810-4},
	url = {http://dl.acm.org/citation.cfm?doid=2632856.2632860},
	doi = {10.1145/2632856.2632860},
	eventtitle = {International Conference},
	pages = {319--322},
	booktitle = {Proceedings of International Conference on Internet Multimedia Computing and Service - {ICIMCS} '14},
	publisher = {{ACM} Press},
	author = {Tong, Lingling and Gu, Xiaoguang and Dai, Feng},
	urldate = {2020-05-09},
	date = {2014},
	langid = {english},
	file = {Tong et al. - 2014 - QR Code Detection Based on Local Features.pdf:/Users/oscar/Zotero/storage/AE9YX4PK/Tong et al. - 2014 - QR Code Detection Based on Local Features.pdf:application/pdf}
}